<record><leader>00000cas a22000007a 4500</leader><controlfield tag="001">22880663</controlfield><controlfield tag="008">901220d18971924maudn ne      0    0eng d</controlfield><datafield ind1=" " ind2=" " tag="010"><subfield code="a">sn 89063395 </subfield></datafield><datafield ind1=" " ind2=" " tag="040"><subfield code="a">MGN</subfield><subfield code="b">eng</subfield><subfield code="c">MGN</subfield><subfield code="d">OCLCQ</subfield></datafield><datafield ind1=" " ind2=" " tag="042"><subfield code="a">msc</subfield></datafield><datafield ind1="0" ind2="0" tag="245"><subfield code="a">Daily free press-tribune.</subfield></datafield><datafield ind1=" " ind2=" " tag="260"><subfield code="a">Waltham, Mass. :</subfield><subfield code="b">Waltham Tribune Co.</subfield></datafield><datafield ind1=" " ind2=" " tag="300"><subfield code="a">v.</subfield></datafield><datafield ind1=" " ind2=" " tag="310"><subfield code="a">Daily (except Sun.)</subfield></datafield><datafield ind1="0" ind2=" " tag="362"><subfield code="a">July 16, 1897-Feb. 29, 1924.</subfield></datafield><datafield ind1=" " ind2=" " tag="580"><subfield code="a">Weekly ed.: Waltham free press, 1897-1901.</subfield></datafield><datafield ind1=" " ind2=" " tag="752"><subfield code="a">United States</subfield><subfield code="b">Massachusetts</subfield><subfield code="c">Middlesex</subfield><subfield code="d">Waltham.</subfield></datafield><datafield ind1="1" ind2=" " tag="775"><subfield code="t">Waltham free press</subfield><subfield code="w">(DLC)sn 83020802</subfield></datafield><datafield ind1="0" ind2="4" tag="780"><subfield code="t">Waltham daily free press</subfield><subfield code="w">(DLC)sn 89063394</subfield></datafield><datafield ind1="0" ind2="4" tag="780"><subfield code="t">Waltham daily tribune</subfield><subfield code="w">(DLC)sn 89063396</subfield></datafield><datafield ind1="0" ind2="7" tag="785"><subfield code="t">Waltham evening news (Waltham, Mass. : 1906)</subfield><subfield code="w">(DLC)sn 89063410</subfield></datafield><datafield ind1="0" ind2="7" tag="785"><subfield code="t">Waltham news-tribune</subfield><subfield code="w">(DLC)sn 89063411</subfield></datafield></record>